<?xml version="1.0" encoding="UTF-8"?><collection xmlns="http://www.loc.gov/MARC21/slim"><record><leader>00448nam--2200145-i-4500</leader><controlfield tag="001">000024108</controlfield><controlfield tag="002">20161230</controlfield><controlfield tag="005">20161230201035</controlfield><controlfield tag="008">060222s1000------------r-----000-0-eng-d</controlfield><datafield ind1=" " ind2=" " tag="080"><subfield code="a">515.172.83(043)</subfield></datafield><datafield ind1=" " ind2=" " tag="100"><subfield code="a">Hauser, M. Herwig</subfield></datafield><datafield ind1=" " ind2=" " tag="245"><subfield code="a">Sur la construction de la deformation semiuniverselle d`une singularite isolee. these</subfield></datafield><datafield ind1=" " ind2=" " tag="260"><subfield code="a">Orsay, L`Universite De Paris-sud, 1980. 110 P</subfield></datafield><datafield ind1=" " ind2=" " tag="852"><subfield code="a">49739</subfield><subfield code="c">515/516</subfield></datafield><datafield ind1=" " ind2=" " tag="CAT"><subfield code="a">Sys</subfield><subfield code="c">20080613</subfield><subfield code="h">104650</subfield></datafield></record></collection>